@book{sutton,
  title={Reinforcement learning: An introduction},
  author={Sutton, Richard S and Barto, Andrew G},
  year={2018},
  publisher={MIT press}
}

@article{SafeExploration, 
  title={Safe exploration in continuous action spaces},
  author={Dalal, Gal and Dvijotham, Krishnamurthy and Vecerik, Matej and Hester, Todd and Paduraru, Cosmin and Tassa, Yuval},
  journal={arXiv preprint arXiv:1801.08757},
  year={2018}
}

@article{Shielding,
  title={Mamps: Safe multi-agent reinforcement learning via model predictive shielding},
  author={Zhang, Wenbo and Bastani, Osbert and Kumar, Vijay},
  journal={arXiv preprint arXiv:1910.12639},
  year={2019}
}

@article{DDPG, 
  title={Continuous control with deep reinforcement learning},
  author={Lillicrap, Timothy P and Hunt, Jonathan J and Pritzel, Alexander and Heess, Nicolas and Erez, Tom and Tassa, Yuval and Silver, David and Wierstra, Daan},
  journal={arXiv preprint arXiv:1509.02971},
  year={2015}
}

@article{environment,
  title={Emergence of Grounded Compositional Language in Multi-Agent Populations},
  author={Mordatch, Igor and Abbeel, Pieter},
  journal={arXiv preprint arXiv:1703.04908},
  year={2017}
}